@article{Patty_Penn_2023,
  title = {Algorithmic Fairness and Statistical Discrimination},
  author = {Patty, John W. and Penn, Elizabeth Maggie},
  journal = {Philosophy Compass},
  year = {2023},
  volume = {18},
  number = {1},
  pages = {1-23},
  doi = {10.1111/phc3.12891}
}

@article{Hedden_2021,
  title = {On Statistical Criteria of Algorithmic Fairness},
  author = {Hedden, Brian},
  journal = {Philosophy \& Public Affairs},
  year = {2021},
  volume = {49},
  number = {2},
  pages = {209-231},
  doi = {10.1111/papa.12189}
}

@article{Chouldechova_2017,
  title = {Fair Prediction with Disparate Impact: A Study of Bias in Recidivism Prediction Instruments},
  author = {Chouldechova, Alexandra},
  journal = {Big Data},
  year = {2017},
  volume = {5},
  number = {2},
  pages = {153-163},
  doi = {10.1089/big.2016.0047}
}

@article{Kleinberg_2016,
  title = {Inherent Trade-Offs in the Fair Determination of Risk Scores},
  author = {Kleinberg, Jon and Mullainathan, Sendhil and Raghavan, Manish},
  journal = {arXiv},
  year = {2016},
  url = {http://arxiv.org/abs/1609.05807},
  doi = {10.48550/arXiv.1609.05807}
}


 @inproceedings{Vig2022, title={People are not coins: Morally distinct types of predictions necessitate different fairness constraints}, url={https://dl.acm.org/doi/10.1145/3531146.3534643}, DOI={10.1145/3531146.3534643}, booktitle={2022 ACM Conference on Fairness, Accountability, and Transparency}, publisher={ACM}, author={Viganò, Eleonora and Hertweck, Corinna and Heitz, Christoph and Loi, Michele}, year={2022}, month=jun, pages={2293–2301}, language={en}, address={Seoul Republic of Korea} 
 }
